@book {JamesLiebeck2001,
    AUTHOR = {James, Gordon and Liebeck, Martin},
     TITLE = {Representations and characters of groups},
   EDITION = {Second},
 PUBLISHER = {Cambridge University Press},
   ADDRESS = {New York},
      YEAR = 2001,
     PAGES = {viii+458},
      ISBN = {0-521-00392-X},
   MRCLASS = {20C15 (20-01)},
  MRNUMBER = {1864147 (2002h:20010)},
}

@book {LuxPahlings2010,
    AUTHOR = {Lux, Klaus and Pahlings, Herbert},
     TITLE = {Representations of groups},
    SERIES = {Cambridge Studies in Advanced Mathematics},
    VOLUME = 124,
      NOTE = {A computational approach},
 PUBLISHER = {Cambridge University Press},
   ADDRESS = {Cambridge},
      YEAR = 2010,
     PAGES = {x+460},
      ISBN = {978-0-521-76807-8},
   MRCLASS = {20C15 (20C20)},
  MRNUMBER = {2680716 (2011j:20016)},
MRREVIEWER = {Shigeo Koshitani},
}
